@unpublished{troietto,
	author = {Andrea Troietto},
	title = {Topologie di Grothendieck},
	year = {2019},
	note = {Unpublished undegraduate thesis at Universit√† degli Studi di Padova},
}

@misc{vistoli,
	author = {Angelo Vistoli},
	title = {Notes on Grothendieck topologies, fibered categories and descent theory},
	year = {2008},
	
}
